



@online{youtube,
    author = "ELECTROALL",
    title = "FUNCIONAMIENTO Y APLICACIÓN DEL CIRCUITO INTEGRADO 74HC595||PCB FABRICADO POR JLCPCB",
    url  = "https://www.youtube.com/watch?v=G1c9xtP9FDY",
    addendum = "(accessed: 20.02.2022)",
    keywords = "latex"
}

@online{punto1,
    author = "yesika.carvajal",
    title = "Prueba con botones del 74HC595",
    url  = "https://www.tinkercad.com/things/lV5SJiUvgR8-surprising-fyyran-leelo/editel?tenant=circuits",
    addendum = "(accessed: 02.03.2022)",
    keywords = "latex"
}


@online{punto2,
    author = "yesika.carvajal",
    title = "Interconexión entre arduinos",
    url  = "https://www.tinkercad.com/things/byA928yFaPF-stunning-turing-densor/editel?tenant=circuits",
    addendum = "(accessed: 02.03.2022)",
    keywords = "latex"
}

@online{punto3,
    author = "yesika.carvajal",
    title = "Compuertas Lógicas",
    url  = "https://www.tinkercad.com/things/5nJrKYKeH00-spectacular-juttuli",
    addendum = "(accessed: 02.03.2022)",
    keywords = "latex"
}

@online{punto41,
    author = "yesika.carvajal",
    title = "Circuito transmisor",
    url  = "https://www.tinkercad.com/things/9q8DKDR45Gn-ingenious-lahdi",
    addendum = "(accessed: 02.03.2022)",
    keywords = "latex"
}



@online{completo,
    author = "yesika.carvajal",
    title = "Sistema de comunicación",
    url  = "https://www.tinkercad.com/things/6gT6oBgz0bW-copy-of-copy-of-circuito-completo/editel?tenant=circuits",
    addendum = "(accessed: 02.03.2022)",
    keywords = "latex"
}

@article{einstein,
    author = "Albert Einstein",
    title = "{Zur Elektrodynamik bewegter K{\"o}rper}. ({German})
    [{On} the electrodynamics of moving bodies]",
    journal = "Annalen der Physik",
    volume = "322",
    number = "10",
    pages = "891--921",
    year = "1905",
    DOI = "http://dx.doi.org/10.1002/andp.19053221004",
    keywords = "physics"
}


@book{dirac,
    title = {The Principles of Quantum Mechanics},
    author = {Paul Adrien Maurice Dirac},
    isbn = {9780198520115},
    series = {International series of monographs on physics},
    year = {1981},
    publisher = {Clarendon Press},
    keywords = {physics}
}



